@article{Ponomarenko,
author = {{А.А. Пономаренко, Ю.А. Мальков, А.А. Логвинов, В.В. Крылов}},
journal = {Вестник Нижегородского университета имени Лобачевского},
number = {5},
pages = {409--415},
title = {{Структура со свойствами тесного мира для решения задачи поиска ближайшего соседа в метрическом пространстве}},
volume = {21},
year = {2012},
language={russian},
hyphenation={russian}
}

@book{Kleinberg,
    title={The Small-World Phenomenon: An Algorithmic Perspective},
    author={Jon Kleinberg},
    series={Report 19-1776},
    year={1999},
    publisher = {Department of Computer Science}
}

@article{Milgram,
author = {{Stanley Milgram}},
journal = {Psychology Today},
number = {1},
pages = {61--67},
title = {{The Small-World Problem}},
volume = {1},
year = {1967},
language={english},
hyphenation={english}
}

@book{Kleinberg2,
    title={Modeling the Small-World Phenomenon with Road Networks},
    author={Michael T. Goodrich, Evrim Ozel},
    year={1999},
    url={goodrich@uci.edu, eozel@uci.edu},
    publisher = {Dept. of Computer Science, University of California, Irvine}
}